% Encoding: UTF-8

@inproceedings{ustun2011central,
  title={A central microgrid protection system for networks with fault current limiters},
  author={Ustun, Taha Selim and Ozansoy, Cagil and Zayegh, Aladin},
  booktitle={Environment and Electrical Engineering (EEEIC), 2011 10th International Conference on},
  pages={1--4},
  year={2011},
  organization={IEEE}
}

@article{naderi2016efficient,
  title={Efficient fault ride-through scheme for three phase voltage source inverter-interfaced distributed generation using DC link adjustable resistive type fault current limiter},
  author={Naderi, Seyed Behzad and Negnevitsky, Michael and Jalilian, Amin and Hagh, Mehrdad Tarafdar},
  journal={Renewable Energy},
  volume={92},
  pages={484--498},
  year={2016},
  publisher={Elsevier}
}

@article{shangjin2013,
  title={考虑分布式电源的配电网保护改进方案研究综述},
  author={尚瑨 and 邰能灵 and 刘琦 and 兰森林 and 唐跃中 and 陆昱},
  journal={电力系统保护与控制},
  volume={40},
  number={24},
  pages={40--45},
  year={2013}
}

@article{gao2006design,
  title={Design and evaluation of a directional algorithm for transmission-line protection based on positivesequence fault components},
  author={Gao, Houlei and Crossley, Peter A},
  journal={IEE Proceedings-Generation, Transmission and Distribution},
  volume={153},
  number={6},
  pages={711--718},
  year={2006},
  publisher={IET}
}

@article{pradhan2008solution,
  title={Solution to close-in fault problem in directional relaying},
  author={Pradhan, AK and Jena, P},
  journal={IEEE Transactions on Power Delivery},
  volume={23},
  number={3},
  pages={1690--1692},
  year={2008},
  publisher={IEEE}
}

@article{laaksonen2014adaptive,
  title={Adaptive protection and microgrid control design for Hailuoto Island},
  author={Laaksonen, Hannu and Ishchenko, Dmitry and Oudalov, Alexandre},
  journal={IEEE Transactions on Smart Grid},
  volume={5},
  number={3},
  pages={1486--1493},
  year={2014},
  publisher={IEEE}
}

@book{yaozhong2007,
  title={新型继电保护和故障测距的原理与技术},
  author={葛耀中},
  year={2007},
  publisher={西安交通大学出版社}
}

@article{tianming2013,
  title={主动配电系统可行技术的研究},
  author={范明天 and 张祖平 and 苏傲雪 and 苏剑},
  journal={中国电机工程学报},
  volume={33},
  number={22},
  pages={12--18},
  year={2013},
  publisher={万方数据资源系统}
}

@article{lipeng2009,
  title={微网技术应用与分析},
  author={李鹏 and 张玲 and 王伟 and 杨希磊 and 赵义术},
  journal={电力系统自动化},
  volume={33},
  number={20},
  pages={109--115},
  year={2009}
}

@article{li2009application,
  title={Application and Analysis of Microgrid},
  author={Li, Peng and Zhang, Ling and Wang, Wei and Yang, Xilei and Zhao, Yishu},
  journal={Autom. Electr. Power Syst},
  volume={33},
  pages={109--114},
  year={2009}
}

@article{zhang2016new,
  title={New development in relay protection for smart grid},
  author={Zhang, Baohui and Hao, Zhiguo and Bo, Zhiqian},
  journal={Protection and Control of Modern Power Systems},
  volume={1},
  number={1},
  pages={14},
  year={2016},
  publisher={Springer}
}

@article{manditereza2016,
  title={The hidden challenges–A review from the protection perspective},
  author=Manditereza P T, Bansal R},
  journal={Renewable and Sustainable Energy Reviews},
  volume={58},
  pages={1457-1465},
  year={2016},
  publisher={Springer}
}

@article{ruisheng2015yi,
  title={一种基于虚拟节点网络拓朴结构适用于架空线路主动配电网的纵联保护方案},
  author={李瑞生 and others},
  journal={电力系统保护与控制},
  number={2015 年 02},
  pages={70--75},
  year={2015},
  publisher={许昌智能电网装备试验研究院}
}

@article{houlei2014,
  title={有源配电网电流差动保护应用技术探讨},
  author={高厚磊 and 李娟 and 朱国防 and 徐丙垠 and 赵宝光 and 李尚振},
  journal={电力系统保护与控制},
  volume={42},
  number={5},
  pages={40--44},
  year={2014}
}

@article{ruisheng2015shi,
  title={适用主动配电网的差动保护方案研究},
  author={李瑞生},
  journal={电力系统保护与控制},
  volume={43},
  number={12},
  pages={104--109},
  year={2015}
}

@article{liukai2014zhu,
  title={主动配电网保护方案的研究},
  author={刘凯 and 李幼仪},
  journal={中国电机工程学报},
  volume={34},
  number={16},
  pages={2584--2590},
  year={2014},
  publisher={万方数据资源系统}
}

@article{nikolaidis2016communication,
  title={A Communication-assisted overcurrent protection scheme for radial distribution systems with distributed generation},
  author={Nikolaidis, Vassilis C and Papanikolaou, Evangelos and Safigianni, Anastasia S},
  journal={IEEE transactions on smart grid},
  volume={7},
  number={1},
  pages={114--123},
  year={2016},
  publisher={IEEE}
}

@article{libin2010han,
  title={含分布式电源的闭环配电网保护方案},
  author={李斌 and 于绚 and 薄志谦 and others},
  journal={电力系统自动化},
  number={7},
  pages={79--84},
  year={2010}
}

@article{peichao2016zhi,
  title={智能配电网的自适应级联方向闭锁保护方案},
  author={张沛超 and 范忻蓉 and 李鑫 and 方陈},
  journal={电力系统自动化},
  volume={40},
  number={1},
  pages={81--88},
  year={2016}
}